@article{zhang_improvements_2023,
  title    = {Improvements {Based} on {ShuffleNetV2} {Model} for {Bird} {Identification}},
  volume   = {11},
  issn     = {2169-3536},
  url      = {https://ieeexplore.ieee.org/document/10247540/},
  doi      = {10.1109/ACCESS.2023.3314676},
  language = {en},
  urldate  = {2023-11-02},
  journal  = {IEEE Access},
  author   = {Zhang, Liu-Lei and Jiang, Ying and Sun, You-Peng and Zhang, Yuan and Wang, Zheng},
  year     = {2023},
  pages    = {101823--101832},
  file     = {Zhang et al. - 2023 - Improvements Based on ShuffleNetV2 Model for Bird .pdf:C\:\\Users\\yewentai\\Zotero\\storage\\M9A8DYY7\\Zhang et al. - 2023 - Improvements Based on ShuffleNetV2 Model for Bird .pdf:application/pdf}
}

@inproceedings{he_deep_2016,
  address   = {Las Vegas, NV, USA},
  title     = {Deep {Residual} {Learning} for {Image} {Recognition}},
  isbn      = {978-1-4673-8851-1},
  url       = {http://ieeexplore.ieee.org/document/7780459/},
  doi       = {10.1109/CVPR.2016.90},
  language  = {en},
  urldate   = {2023-12-11},
  booktitle = {2016 {IEEE} {Conference} on {Computer} {Vision} and {Pattern} {Recognition} ({CVPR})},
  publisher = {IEEE},
  author    = {He, Kaiming and Zhang, Xiangyu and Ren, Shaoqing and Sun, Jian},
  month     = jun,
  year      = {2016},
  pages     = {770--778},
  file      = {He et al. - 2016 - Deep Residual Learning for Image Recognition.pdf:C\:\\Users\\yewentai\\Zotero\\storage\\XG9DEK2N\\He et al. - 2016 - Deep Residual Learning for Image Recognition.pdf:application/pdf}
}

@article{vo_bird_2023,
  title      = {Bird {Detection} and {Species} {Classification}: {Using} {YOLOv5} and {Deep} {Transfer} {Learning} {Models}},
  volume     = {14},
  copyright  = {© 2023. This work is licensed under http://creativecommons.org/licenses/by/4.0/ (the “License”). Notwithstanding the ProQuest Terms and Conditions, you may use this content in accordance with the terms of the License.},
  issn       = {2158107X},
  shorttitle = {Bird {Detection} and {Species} {Classification}},
  url        = {https://www.proquest.com/docview/2858093373/abstract/E390BDC364874051PQ/1},
  doi        = {10.14569/IJACSA.2023.01407102},
  language   = {English},
  number     = {7},
  urldate    = {2023-12-13},
  journal    = {International Journal of Advanced Computer Science and Applications},
  author     = {Vo, Hoang-Tu and Thien, Nhon Nguyen and Mui, Kheo Chau},
  year       = {2023},
  note       = {Place: West Yorkshire, United Kingdom
                Publisher: Science and Information (SAI) Organization Limited},
  keywords   = {automated bird monitoring, Bird detection, deep transfer learning models, species classification, YOLOv5},
  file       = {Full Text PDF:C\:\\Users\\yewentai\\Zotero\\storage\\AYU4MEMD\\Vo et al. - 2023 - Bird Detection and Species Classification Using Y.pdf:application/pdf}
}

@inproceedings{haobin_fine-grained_2018,
  title     = {Fine-{Grained} {Bird} {Classification} {Based} on {Low}-{Dimensional} {Bilinear} {Model}},
  url       = {https://ieeexplore.ieee.org/document/8492897},
  doi       = {10.1109/ICIVC.2018.8492897},
  urldate   = {2023-12-13},
  booktitle = {2018 {IEEE} 3rd {International} {Conference} on {Image}, {Vision} and {Computing} ({ICIVC})},
  author    = {Haobin, Shi and Renyu, Zhang and Gang, Sun},
  month     = jun,
  year      = {2018},
  pages     = {424--428},
  file      = {IEEE Xplore Full Text PDF:C\:\\Users\\yewentai\\Zotero\\storage\\4JCDC6PZ\\Haobin et al. - 2018 - Fine-Grained Bird Classification Based on Low-Dime.pdf:application/pdf}
}

@inproceedings{zahra_el_bouni_bird_2021,
  title     = {Bird image recognition and classification using {Watson} visual recognition services from {IBMCloud} and {Conventional} {Neural} {Network} ({CNN})},
  url       = {https://ieeexplore.ieee.org/document/9514269},
  doi       = {10.1109/ICECCE52056.2021.9514269},
  urldate   = {2023-12-13},
  booktitle = {2021 {International} {Conference} on {Electrical}, {Communication}, and {Computer} {Engineering} ({ICECCE})},
  author    = {Zahra EL Bouni, Fatima and El Hariri, Tareq and Zouitni, Chaime and Ben Bahva, Ilham and El Aboui, Hafida and El Ouaazizi, Aziza},
  month     = jun,
  year      = {2021},
  pages     = {1--6},
  file      = {IEEE Xplore Full Text PDF:C\:\\Users\\yewentai\\Zotero\\storage\\MCKC8R5T\\Zahra EL Bouni et al. - 2021 - Bird image recognition and classification using Wa.pdf:application/pdf}
}

@inproceedings{budiman_classification_2022,
  title     = {Classification of {Bird} {Species} using {K}-{Nearest} {Neighbor} {Algorithm}},
  url       = {https://ieeexplore.ieee.org/document/9936012},
  doi       = {10.1109/CITSM56380.2022.9936012},
  urldate   = {2023-12-13},
  booktitle = {2022 10th {International} {Conference} on {Cyber} and {IT} {Service} {Management} ({CITSM})},
  author    = {Budiman, Ichsan and Ramdania, Diena Rauda and Gerhana, Yana Aditia and Putra, Alif Rakasha Pratama and Faizah, Nisairrizqy Nabilah and Harika, Maisevli},
  month     = sep,
  year      = {2022},
  note      = {ISSN: 2770-159X},
  pages     = {1--5},
  file      = {IEEE Xplore Full Text PDF:C\:\\Users\\yewentai\\Zotero\\storage\\WV6FVJ6R\\Budiman et al. - 2022 - Classification of Bird Species using K-Nearest Nei.pdf:application/pdf}
}
